
@misc{UN/ECE, title={EUR-Lex Access to European Union law}, url={https://eur-lex.europa.eu/legal-content/EN/TXT/?uri=CELEX:42010X0814(02)}, journal={Regulation No 26 of the Economic Commission for Europe of the United Nations (UN/ECE) — Uniform provisions concerning the approval of vehicles with regard to their external projections}, publisher={UN/ECE}, author={Economic Commission for Europe of the United Nations}, year={2007}, month={Jun}} 

@article{porschenewsroom, 
title={The new Porsche 911 Carrera GTS models},
url={https://newsroom.porsche.com/en/products/the-new-porsche-911-carrera-gts-models-10756.html},
journal={Porsche Newsroom},
author={Julian B. Hoffmann},
year={2016}
}

@article{Coursenotes,
title={Mechanism Design},
url={https://moodle.bath.ac.uk/pluginfile.php/1134184/mod_resource/content/4/CourseNotes.pdf},
journal={University of Bath, UK},
author={Dr. J Gopsill},
year={2018}
}

@article{CambMaterials,
title={Densities},
journal={Materials Data Book},
author={Cambridge University Engineering Department},
url={http://www-mdp.eng.cam.ac.uk/web/library/enginfo/cueddatabooks/materials.pdf},
year={2018}
}

@article{Canvas,
title={Canvas material Properties},
url={http://www.dielectriccorp.com/downloads/thermosets/canvas.pdf},
journal={Dielectric},
author={Dielectric},
year={2018}
}



@article{Encyclopaedia, 
title={Industrial glass}, url={https://www.britannica.com/topic/glass-properties-composition-and-industrial-production-234890#ref76318}, 
journal={Encyclopædia Britannica}, publisher={Encyclopædia Britannica, inc.}, author={Varshneya, Arun Kumar}, 
year={2016},
month={May}
}

@article{korane_2015, 
title={Gear Design: Breaking the status quo},
url={https://www.machinedesign.com/archive/gear-design-breaking-status-quo}, 
journal={Machine Design},
author={Korane, Kenneth}, 
year={2015}, 
month={May}
}